

@TechReport{Goethe1782,
	author = { Johann Wolfgang von Goethe},
	title = {{Erlk√∂nig}},
	year = {1782},
	type = {Ballade}
}
