% Encoding: UTF-8


\bibliography{literature}

@MISC{Thomas,
	author = {Тhοmas Stеιnfеld},
	title = {Methode der kleinsten Quadrate},
	year = {2016},

	url = {	http://www.mathepedia.de/Methode_der_kleinsten_Quadrate.aspx}
	
}

@BOOK{Deck2007,
	title = {Java-Grundkurs für Wirtschaftsinformatiker},
	publisher = {Vieweg+Teubner},
	year = {2007},
	author = {Klaus-Georg Deck and Herbert Neuendorf},
	timestamp = {2010.11.15}
}

@CONFERENCE{Dubinsky1992,
	author = {Ed Dubinsky and Guershon Harel},
	title = {The Nature Of The Process Conception Of Function},
	booktitle = {The Concept Of Function},
	year = {1992},
	editor = {Guershon Harel and Ed Dubinsky},
	volume = {25},
	publisher = {MAA Notes},
	owner = {Philipp Marwan},
	timestamp = {2010.11.17}
}
